<?xml version="1.0" encoding="UTF-8"?><collection xmlns="http://www.loc.gov/MARC21/slim"><record><leader>00440nam--2200157-i-4500</leader><controlfield tag="001">000021004</controlfield><controlfield tag="002">20161230</controlfield><controlfield tag="005">20161230201034</controlfield><controlfield tag="008">060222s1000------------r-----000-0-eng-d</controlfield><datafield ind1=" " ind2=" " tag="020"><subfield code="a">3-540-57</subfield></datafield><datafield ind1=" " ind2=" " tag="080"><subfield code="a">514.74</subfield></datafield><datafield ind1=" " ind2=" " tag="100"><subfield code="a">Friedman, Robert And Morgan, John,W</subfield></datafield><datafield ind1=" " ind2=" " tag="245"><subfield code="a">Smooth four-manifolds and complex surfaces</subfield></datafield><datafield ind1=" " ind2=" " tag="260"><subfield code="a">Berlin, Springer-verlag, 1994. 522 P</subfield></datafield><datafield ind1=" " ind2=" " tag="490"><subfield code="a">A Series Of Modern Survey In Mathematics</subfield></datafield><datafield ind1=" " ind2=" " tag="852"><subfield code="a">80306</subfield></datafield></record></collection>